 @book{Klenke2013,
    author    = {Achim Klenke},
    title     = {Wahrscheinlichkeitstheorie},
    publisher = {Springer},
    year   = {2013},
    edition      = {3}
}
